@article{holt2002expanding,
  title={Expanding the teaching games for understanding model: New avenues for future research and practice},
  author={Holt, Nicholas L and Strean, William B and Bengoechea, Enrique Garc{\'\i}a},
  journal={Journal of teaching in Physical Education},
  volume={21},
  number={2},
  pages={162--176},
  year={2002},
  publisher={Human Kinetics, Inc.}
}

@article{squire2008designing,
  title={Designing centers of expertise for academic learning through video games},
  author={Squire, Kurt D and DeVane, Ben and Durga, Shree},
  journal={Theory into practice},
  volume={47},
  number={3},
  pages={240--251},
  year={2008},
  publisher={Taylor \& Francis}
}

@article{paraskeva2010multiplayer,
  title={Multiplayer online games as educational tools: Facing new challenges in learning},
  author={Paraskeva, Fotini and Mysirlaki, Sofia and Papagianni, Aikaterini},
  journal={Computers \& Education},
  volume={54},
  number={2},
  pages={498--505},
  year={2010},
  publisher={Elsevier}
}

@article{lopez2021robotics,
  author={López,José M. S. and Otero,Rogelio B. and García-Cervigón,Sebastián,De Lara},
  year={2021},
  title={Introducing robotics and block programming in elementary education},
  journal={Revista Iberoamericana de Educación a Distancia},
  volume={24},
  number={1},
  pages={95-113},
  note={Copyright - © 2021. This work is published under https://creativecommons.org/licenses/by-nc/4.0/ (the “License”). Notwithstanding the ProQuest Terms and Conditions, you may use this content in accordance with the terms of the License; Last updated - 2021-01-04},
  abstract={Este estudio demuestra la importancia de un diseño para la educación que incorpore la programación visual por bloques y la robótica en Educación Primaria. Este estudio describe cómo la robótica se implementa de manera efectiva en las escuelas, basándose en conceptos computacionales y las actividades del aula. Describimos, aplicamos y presentamos varios recursos, los docentes que deseen comenzar a trabajar con la programación y la robótica en la educación deben considerar los recursos requeridos y cómo se pueden adaptar a los niveles y etapas de la educación de sus alumnos. Es fundamental conocer los recursos disponibles y adaptarlos a las necesidades de los discentes. El análisis involucra a 107 estudiantes de quinto curso de educación primaria en tres centros escolares, la muestra fue no probabilística e intencional. La primera dimensión es un diseño cuasi-experimental que obtiene datos de una prueba, la validez de constructo se probó mediante análisis factorial exploratorio. La segunda dimensión detalla los resultados para las cuatro escalas descritas anteriormente: aprendizaje activo, conceptos computacionales, utilidad percibida y disfrute, esta dimensión examina los resultados de la escala antes mencionada que analiza las interacciones pedagógicas. Se lograron mejoras estadísticamente significativas en la comprensión de conceptos computacionales básicos: secuencias, bucles, declaraciones condicionales, ejecución paralela, manejo de eventos y uso de robótica. También se observaron mejoras en la interacción didáctica, y en un mayor disfrute, entusiasmo, eficiencia y participación activa, mostrando los estudiantes una mayor motivación, compromiso e interés en el proceso.Alternate abstract:This study shows the relevance of introducing visual block programming and robotics in primary education. The study describes how robotics are effectively implemented in schools, based on computational concepts and the classroom activities. We describe, apply and present specific resources teachers, who may think of introducing programming and robotics in education must consider. These resources can be adapted to their students' levels and education stages. It is essential to be aware of the resources available and adapt them to students' needs. The analysis involves 107 fifth-grade students in primary education at three schools. The sample of the study was non-probabilistic and intentional. The study is bidimensional. The first dimension is a quasi-experimental design obtaining data from a test. Construct validity was tested by an exploratory factor analysis. The second dimension details the results for four scales previously described: active learning, computational concepts, perceived usefulness and enjoyment. This dimension examines the results of the aforementioned scale, which analyses the pedagogical interactions. Statistically significant improvements were achieved in the understanding of basic computational concepts such as sequences, loops, conditional statements, parallel execution, event handling and use of robotics. Improvements were also noted in didactic interaction, and in greater enjoyment, enthusiasm, efficiency and active participation of students. They also showed stronger motivation, commitment and interest in the process.},
  keywords={Education--Adult Education; Problem solving; Robots; Pedagogy; Programming languages; Students; Elementary education; Cognitive ability; Learning; Cognition & reasoning; Efficiency; Robotics; Skills},
  isbn={11382783},
  language={English},
  url={http://ezproxy.wpi.edu/login?url=https://www-proquest-com.ezpxy-web-p-u01.wpi.edu/scholarly-journals/introducing-robotics-block-programming-elementary/docview/2474921956/se-2?accountid=29120}
}

@article{berns2021virtualreality,
  author={Berns,Anke and Reyes-Sánchez,Salvador},
  year={2021},
  title={A Review of Virtual Reality-Based Language Learning Apps},
  journal={Revista Iberoamericana de Educación a Distancia},
  volume={24},
  number={1},
  pages={159-177},
  note={Copyright - © 2021. This work is published under https://creativecommons.org/licenses/by-nc/4.0/ (the “License”). Notwithstanding the ProQuest Terms and Conditions, you may use this content in accordance with the terms of the License; Last updated - 2021-01-04},
  abstract={La investigación en el área del aprendizaje de lenguas asistido por dispositivos móviles (MALL) muestra que el uso de dispositivos móviles como los smartphones ofrecen una gran variedad de posibilidades para facilitar el aprendizaje de lenguas extranjeras. Además, el desarrollo y fácil acceso a las tecnologías emergentes como la realidad virtual (RV) han abierto nuevas posibilidades en el área de MALL, preparando el terreno para un nuevo campo de investigación llamado aprendizaje de lenguas asistido por realidad virtual (VRALL). En este sentido, el presente estudio intenta identificar tanto las tendencias como los retos de VRALL mediante el análisis de las apps de RV más populares que pueden descargarse actualmente de plataformas comerciales como Google Play Store y App Store. Sin embargo, los resultados indican que la mayoría de las apps encontradas no están diseñadas específicamente para el aprendizaje de lenguas extranjeras, aunque pueden usarse con este fin. Además, muy pocas apps exploran el verdadero potencial de la RV, ya sea proporcionando nuevos enfoques de enseñanza-aprendizaje, nuevos tipos de interacción u ofreciendo nuevos escenarios de aprendizaje que permitan al aprendiente experimentar una mayor sensación de inmersión, y, por tanto, faciliten el proceso de inmersión lingüística y adquisición de la lengua.Alternate abstract:Research in the area of mobile-assisted language learning (MALL) has shown that the use of mobile devices such as smartphones may offer multiple opportunities for supporting foreign language learning. In addition, the development and increasing accessibility of emerging technologies such as virtual reality (VR) has opened new perspectives in the area of MALL, paving the way for a new research field called virtual reality assisted language learning (VRALL). In this context, the present study aims to identify the trends as well as challenges of VRALL by analysing the most popular of the currently available VR apps that can be downloaded from commercial platforms such as Google Play Store and App Store. However, results suggest that most of the retrieved apps are not specifically designed for foreign language learning, although they can be used for such a purpose. Furthermore, very few of the apps explore the real potential of VR, either providing novel teaching and learning approaches and new types of interaction, or offering novel learning scenarios that could allow the learner to experience a greater sense of immersion and thus facilitate the process of language immersion and language acquisition.},
  keywords={Education--Adult Education; Teaching; Software; Students; Language acquisition; Smartphones; Foreign language learning; Trends; Multimedia; Video recordings; Immersion programs; Virtual reality; Education; Cognition & reasoning},
  isbn={11382783},
  language={English},
  url={http://ezproxy.wpi.edu/login?url=https://www-proquest-com.ezpxy-web-p-u01.wpi.edu/scholarly-journals/review-virtual-reality-based-language-learning/docview/2474922009/se-2?accountid=29120}
}

@article{dasilveira2021eguess,
  author={da Silveira,Aleph C. and Martins,Ronei X. and Vieira,Estela A. O.},
  year={2021},
  title={E-Guess: Usability Evaluation for Educational Games},
  journal={Revista Iberoamericana de Educación a Distancia},
  volume={24},
  number={1},
  pages={245-263},
  note={Copyright - © 2021. This work is published under https://creativecommons.org/licenses/by-nc/4.0/ (the “License”). Notwithstanding the ProQuest Terms and Conditions, you may use this content in accordance with the terms of the License; Last updated - 2021-01-04},
  abstract={Usabilidad es un aspecto relevante en el análisis de la interfaz hombre-máquina, ya que se trata del diálogo que se establece entre sujetos, artefacto y calidad de uso e interacción que permite el sistema. Este trabajo presenta una heurística específica para la evaluación de juegos educativos, creada a partir de Game User Experience Satisfaction (GUESS) y, concomitantemente, las herramientas de evaluación de Nielsen. Para ello, se realizó una investigación aplicada con un enfoque cuantitativo-cualitativo - con la participación de 3 usuarios especializados y 4 usuarios potenciales en un juego educativo utilizado como estudio de caso. La elección de GUESS como punto de partida se debió a una revisión sistemática de la literatura sobre usabilidad. Según el modelo, se invitó a los usuarios a operar el juego educativo y presentar sus impresiones. A partir de los resultados seleccionados, se formuló una nueva herramienta de evaluación de uso, denominada E-GUESS. Con EducationalGUESS, introdujimos cambios dirigidos a temas pedagógicos y contenidos educativos que también busca dilucidar puntos importantes en el desarrollo de un juego educativo al permitir percepciones que son fácilmente ignorados durante la fase de diseño con la intención de superar la supuesta bipolaridad entre "divertido" y "educativo" en los juegos de software educativo. Otro aporte de la investigación fue el análisis de usabilidad realizado para el juego educativo utilizado en la recolección de datos. Este juego, que trata sobre el tema Tabla Periódica de Química y se encuentra en fase de validación, recibió valiosos aportes para ajustes en su jugabilidad.Alternate abstract:Usability is a relevant aspect in the analysis of the human-machine interface, as it concerns the dialogue established between subjects, artefacts and quality of use, and interaction allowed by the system. This work presents a specific heuristic for evaluating educational games, created from Game User Experience Satisfaction (GUESS) and, concomitantly, Nielsen's assessment tools. To this purpose, applied research using a quantitative-qualitative approach - with the participation of 3 specialized users and 4 potential users in an educational game used as a case study. The choice of GUESS as a starting point was due to a systematic review of the usability literature. Based on the model, users were invited to operate the educational game and present their impressions. From the selected results, a new use assessment tool, called E-GUESS, was formulated. With Educational-GUESS, we introduced changes aimed at pedagogical issues and educational content that also seeks to elucidate important points in the development of an educational game by allowing insights that are easily ignored during the design phase to overcome the alleged bipolarity between "fun" and "educational" in educational software games. Another contribution of the research was the usability analysis performed for the educational game used in data collection. This game, which deals with the theme Periodic Table of Chemistry and is in the validation phase, received valuable contributions for adjustments in its gameplay.},
  keywords={Education--Adult Education; Teaching; Educational software; Students; Usability; Classrooms; User experience; Heuristic; Electronic games; Learning},
  isbn={11382783},
  language={English},
  url={http://ezproxy.wpi.edu/login?url=https://www-proquest-com.ezpxy-web-p-u01.wpi.edu/scholarly-journals/e-guess-usability-evaluation-educational-games/docview/2474921775/se-2?accountid=29120}
}

@article{kraiger1993application,
  title={Application of cognitive, skill-based, and affective theories of learning outcomes to new methods of training evaluation.},
  author={Kraiger, Kurt and Ford, J Kevin and Salas, Eduardo},
  journal={Journal of applied psychology},
  volume={78},
  number={2},
  pages={311},
  year={1993},
  publisher={American Psychological Association}
}

@article{dacin1986measurement,
  title={The measurement of declarative knowledge},
  author={Dacin, Peter A and Mitchell, Andrew A},
  journal={ACR North American Advances},
  year={1986}
}

@inproceedings{kohavi1995study,
  title={A study of cross-validation and bootstrap for accuracy estimation and model selection},
  author={Kohavi, Ron and others},
  booktitle={Ijcai},
  volume={14},
  number={2},
  pages={1137--1145},
  year={1995},
  organization={Montreal, Canada}
}